
@InProceedings{Shaaban2022,
	author = {Shaaban, Omar and Aguilar Mena, Jimmy and Beltran, Vicen{\c{c}}
 		and Carpenter, Paul and Ayguade, Eduard and Labarta Mancho, Jesus},
	title = {Automatic aggregation of subtask accesses for nested OpenMP-style tasks},
	booktitle = {IEEE 34th International Symposium on Computer Architecture and
 		High Performance Computing (SBAC-PAD)},
	year = {2022},
	pages = {315-325},
	doi = {10.1109/SBAC-PAD55451.2022.00042}
}


@inproceedings{10.1145/3545008.3545045,
	author = {Aguilar Mena, Jimmy and Shaaban, Omar and Lopez, Victor and Garcia, Marta
		and Carpenter, Paul and Ayguade, Eduard and Labarta, Jesus},
	title = {Transparent Load Balancing of MPI Programs Using OmpSs-2@Cluster and DLB},
	booktitle = {Proceedings of the 51st International Conference on Parallel Processing},
	year = {2023},
	publisher = {Association for Computing Machinery},
	location = {Bordeaux, France},
	address = {New York, NY, USA},
	series = {ICPP '22},
	pages = {55--66},
	isbn = {9781450397339},
	doi = {10.1145/3545008.3545045}
}

@InProceedings{Aguilar2022,
	author = {Aguilar Mena, Jimmy and Shaaban, Omar and Beltran, Vicen{\c{c}}
		and Carpenter, Paul and Ayguade, Eduard and Labarta Mancho, Jesus},
	editor = {Cano, Jos{\'e} and Trinder, Phil},
	title = {OmpSs-2@Cluster: Distributed Memory Execution of Nested OpenMP-style Tasks},
	booktitle = {Euro-Par 2022: Parallel Processing},
	year = {2022},
	publisher = {Springer International Publishing},
	address = {Cham},
	pages = {319--334},
	isbn = {978-3-031-12597-3},
	doi = {10.1007/978-3-031-12597-3_20}
}

@Article{Giuntoli2019,
	author = {Giuntoli, Guido and Aguilar Mena, Jimmy and Vazquez, Mariano
 		and Oller, Sergio and Houzeaux, Guillaume},
	title = {A FE 2 multi-scale implementation for modeling composite materials
		on distributed architectures},
	journal = {Coupled Systems Mechanics},
	volume = {8},
	number = {2},
	pages = {99--109},
	year = {2019},
	doi = {10.12989/csm.2019.8.2.099}
}


@article{Padilla2010,
	author = {Padilla Cabal, Fatima and Lopez-Pino, Neivy and Bernal-Castillo, Jose Luis
 		and Martinez-Palenzuela, Yisel and Aguilar-Mena, Jimmy and D'Alessandro, Katia
 		and Arbelo, Yuniesky and Corrales, Yasser and Diaz, Oscar},
	title = {Monte Carlo based geometrical model for efficiency calculation of an n--type HPGe detector},
	journal = {Applied Radiation and Isotopes},
	volume = {68},
	number = {12},
	pages = {2403-2408},
	year = {2010},
	doi = {10.1016/j.apradiso.2010.06.018}
}